@article{cohen2003scale,
  title={Scale-free networks are ultrasmall},
  author={Cohen, Reuven and Havlin, Shlomo},
  journal={Physical review letters},
  volume={90},
  number={5},
  pages={058701},
  year={2003},
  publisher={APS}
}

@article{telesford2011ubiquity,
  title={The ubiquity of small-world networks},
  author={Telesford, Qawi K and Joyce, Karen E and Hayasaka, Satoru and Burdette, Jonathan H and Laurienti, Paul J},
  journal={Brain connectivity},
  volume={1},
  number={5},
  pages={367--375},
  year={2011},
  publisher={Mary Ann Liebert, Inc. 140 Huguenot Street, 3rd Floor New Rochelle, NY 10801 USA}
}

@inproceedings{li2017attributed,
  title={Attributed network embedding for learning in a dynamic environment},
  author={Li, Jundong and Dani, Harsh and Hu, Xia and Tang, Jiliang and Chang, Yi and Liu, Huan},
  booktitle={Proceedings of the 2017 ACM on Conference on Information and Knowledge Management},
  pages={387--396},
  year={2017},
  organization={ACM}
}

@inproceedings{perozzi2014deepwalk,
  title={Deepwalk: Online learning of social representations},
  author={Perozzi, Bryan and Al-Rfou, Rami and Skiena, Steven},
  booktitle={Proceedings of the 20th ACM SIGKDD international conference on Knowledge discovery and data mining},
  pages={701--710},
  year={2014},
  organization={ACM}
}

@article{goyal2018graph,
  title={Graph embedding techniques, applications, and performance: A survey},
  author={Goyal, Palash and Ferrara, Emilio},
  journal={Knowledge-Based Systems},
  volume={151},
  pages={78--94},
  year={2018},
  publisher={Elsevier}
}

@inproceedings{mislove2007measurement,
  title={Measurement and analysis of online social networks},
  author={Mislove, Alan and Marcon, Massimiliano and Gummadi, Krishna P and Druschel, Peter and Bhattacharjee, Bobby},
  booktitle={Proceedings of the 7th ACM SIGCOMM conference on Internet measurement},
  pages={29--42},
  year={2007},
  organization={ACM}
}

@article{wang2003complex,
  title={Complex networks: small-world, scale-free and beyond},
  author={Wang, Xiao Fan and Chen, Guanrong},
  journal={IEEE circuits and systems magazine},
  volume={3},
  number={1},
  pages={6--20},
  year={2003},
  publisher={IEEE}
}

@article{goyal2018dyngem,
  title={Dyngem: Deep embedding method for dynamic graphs},
  author={Goyal, Palash and Kamra, Nitin and He, Xinran and Liu, Yan},
  journal={arXiv preprint arXiv:1805.11273},
  year={2018}
}

@inproceedings{apt2011diffusion,
  title={Diffusion in social networks with competing products},
  author={Apt, Krzysztof R and Markakis, Evangelos},
  booktitle={International Symposium on Algorithmic Game Theory},
  pages={212--223},
  year={2011},
  organization={Springer}
}

@article{barabasi1999emergence,
  title={Emergence of scaling in random networks},
  author={Barab{\'a}si, Albert-L{\'a}szl{\'o} and Albert, R{\'e}ka},
  journal={science},
  volume={286},
  number={5439},
  pages={509--512},
  year={1999},
  publisher={American Association for the Advancement of Science}
}

@article{bertelle2006organization,
  title={Organization detection using emergent computing},
  author={Bertelle, Cyrille and Dutot, Antoine and Guinand, Fr{\'e}d{\'e}ric and Olivier, Damien},
  journal={International Transactions on Systems Science and Applications},
  volume={2},
  number={1},
  pages={61--69},
  year={2006}
}

@article{zhou2015ant,
  title={An ant colony based algorithm for overlapping community detection in complex networks},
  author={Zhou, Xu and Liu, Yanheng and Zhang, Jindong and Liu, Tuming and Zhang, Di},
  journal={Physica A: Statistical Mechanics and its Applications},
  volume={427},
  pages={289--301},
  year={2015},
  publisher={Elsevier}
}

@article{schelling1971dynamic,
  title={Dynamic models of segregation},
  author={Schelling, Thomas C},
  journal={Journal of mathematical sociology},
  volume={1},
  number={2},
  pages={143--186},
  year={1971},
  publisher={Taylor \& Francis}
}

@article{chen2015net2net,
  title={Net2net: Accelerating learning via knowledge transfer},
  author={Chen, Tianqi and Goodfellow, Ian and Shlens, Jonathon},
  journal={arXiv preprint arXiv:1511.05641},
  year={2015}
}

@inproceedings{xie2016unsupervised,
  title={Unsupervised deep embedding for clustering analysis},
  author={Xie, Junyuan and Girshick, Ross and Farhadi, Ali},
  booktitle={International conference on machine learning},
  pages={478--487},
  year={2016}
}

@article{zhang2019deep,
  title={Deep Constrained Clustering-Algorithms and Advances},
  author={Zhang, Hongjing and Basu, Sugato and Davidson, Ian},
  journal={arXiv preprint arXiv:1901.10061},
  year={2019}
}

@misc{snapnets,
  author       = {Jure Leskovec and Andrej Krevl},
  title        = {{SNAP Datasets}: {Stanford} Large Network Dataset Collection},
  howpublished = {\url{http://snap.stanford.edu/data}},
  month        = jun,
  year         = 2014
}

@inproceedings{Fey/Lenssen/2019,
  title={Fast Graph Representation Learning with {PyTorch Geometric}},
  author={Fey, Matthias and Lenssen, Jan E.},
  booktitle={ICLR Workshop on Representation Learning on Graphs and Manifolds},
  year={2019},
}

@article{wu2019comprehensive,
  title={A comprehensive survey on graph neural networks},
  author={Wu, Zonghan and Pan, Shirui and Chen, Fengwen and Long, Guodong and Zhang, Chengqi and Yu, Philip S},
  journal={arXiv preprint arXiv:1901.00596},
  year={2019}
}

@inproceedings{ying2018graph,
  title={Graph convolutional neural networks for web-scale recommender systems},
  author={Ying, Rex and He, Ruining and Chen, Kaifeng and Eksombatchai, Pong and Hamilton, William L and Leskovec, Jure},
  booktitle={Proceedings of the 24th ACM SIGKDD International Conference on Knowledge Discovery \& Data Mining},
  pages={974--983},
  year={2018},
  organization={ACM}
}

@article{bialonski2010brain,
  title={From brain to earth and climate systems: Small-world interaction networks or not?},
  author={Bialonski, Stephan and Horstmann, Marie-Therese and Lehnertz, Klaus},
  journal={Chaos: An Interdisciplinary Journal of Nonlinear Science},
  volume={20},
  number={1},
  pages={013134},
  year={2010},
  publisher={AIP}
}

@article{song2007calculate,
  title={How to calculate the fractal dimension of a complex network: the box covering algorithm},
  author={Song, Chaoming and Gallos, Lazaros K and Havlin, Shlomo and Makse, Hern{\'a}n A},
  journal={Journal of Statistical Mechanics: Theory and Experiment},
  volume={2007},
  number={03},
  pages={P03006},
  year={2007},
  publisher={IOP Publishing}
}

@article{song2005self,
  title={Self-similarity of complex networks},
  author={Song, Chaoming and Havlin, Shlomo and Makse, Hernan A},
  journal={Nature},
  volume={433},
  number={7024},
  pages={392},
  year={2005},
  publisher={Nature Publishing Group}
}

@inproceedings{defferrard2016convolutional,
  title={Convolutional neural networks on graphs with fast localized spectral filtering},
  author={Defferrard, Micha{\"e}l and Bresson, Xavier and Vandergheynst, Pierre},
  booktitle={Advances in neural information processing systems},
  pages={3844--3852},
  year={2016}
}

@article{guimera2002self,
  title={Self-similar community structure in organizations},
  author={Guimera, R and Danon, L and Diaz-Guilera, A and Giralt, F and Arenas, A},
  journal={arXiv preprint cond-mat/0211498},
  volume={22},
  year={2002}
}

@book{hebb2005organization,
  title={The organization of behavior: A neuropsychological theory},
  author={Hebb, Donald Olding},
  year={2005},
  publisher={Psychology Press}
}

@inproceedings{li2018visualizing,
  title={Visualizing the loss landscape of neural nets},
  author={Li, Hao and Xu, Zheng and Taylor, Gavin and Studer, Christoph and Goldstein, Tom},
  booktitle={Advances in Neural Information Processing Systems},
  pages={6389--6399},
  year={2018}
}

@article{vincent2010stacked,
  title={Stacked denoising autoencoders: Learning useful representations in a deep network with a local denoising criterion},
  author={Vincent, Pascal and Larochelle, Hugo and Lajoie, Isabelle and Bengio, Yoshua and Manzagol, Pierre-Antoine},
  journal={Journal of machine learning research},
  volume={11},
  number={Dec},
  pages={3371--3408},
  year={2010}
}

@article{blondel2008fast,
  title={Fast unfolding of communities in large networks},
  author={Blondel, Vincent D and Guillaume, Jean-Loup and Lambiotte, Renaud and Lefebvre, Etienne},
  journal={Journal of statistical mechanics: theory and experiment},
  volume={2008},
  number={10},
  pages={P10008},
  year={2008},
  publisher={IOP Publishing}
}

@inproceedings{grover2016node2vec,
  title={node2vec: Scalable feature learning for networks},
  author={Grover, Aditya and Leskovec, Jure},
  booktitle={Proceedings of the 22nd ACM SIGKDD international conference on Knowledge discovery and data mining},
  pages={855--864},
  year={2016},
  organization={ACM}
}

@inproceedings{morris2019weisfeiler,
  title={Weisfeiler and leman go neural: Higher-order graph neural networks},
  author={Morris, Christopher and Ritzert, Martin and Fey, Matthias and Hamilton, William L and Lenssen, Jan Eric and Rattan, Gaurav and Grohe, Martin},
  booktitle={Proceedings of the AAAI Conference on Artificial Intelligence},
  volume={33},
  pages={4602--4609},
  year={2019}
}

@article{kipf2016semi,
  title={Semi-supervised classification with graph convolutional networks},
  author={Kipf, Thomas N and Welling, Max},
  journal={arXiv preprint arXiv:1609.02907},
  year={2016}
}

@article{newman2006modularity,
  title={Modularity and community structure in networks},
  author={Newman, Mark EJ},
  journal={Proceedings of the national academy of sciences},
  volume={103},
  number={23},
  pages={8577--8582},
  year={2006},
  publisher={National Acad Sciences}
}

@inproceedings{yang2016modularity,
  title={Modularity Based Community Detection with Deep Learning.},
  author={Yang, Liang and Cao, Xiaochun and He, Dongxiao and Wang, Chuan and Wang, Xiao and Zhang, Weixiong},
  booktitle={IJCAI},
  volume={16},
  pages={2252--2258},
  year={2016}
}

@inproceedings{rizi2018shortest,
  title={Shortest Path Distance Approximation Using Deep Learning Techniques},
  author={Rizi, Fatemeh Salehi and Schloetterer, Joerg and Granitzer, Michael},
  booktitle={2018 IEEE/ACM International Conference on Advances in Social Networks Analysis and Mining (ASONAM)},
  pages={1007--1014},
  year={2018},
  organization={IEEE}
}

@article{broido2019scale,
  title={Scale-free networks are rare},
  author={Broido, Anna D and Clauset, Aaron},
  journal={Nature communications},
  volume={10},
  number={1},
  pages={1017},
  year={2019},
  publisher={Nature Publishing Group}
}

@article{leskovec2007graph,
  title={Graph evolution: Densification and shrinking diameters},
  author={Leskovec, Jure and Kleinberg, Jon and Faloutsos, Christos},
  journal={ACM Transactions on Knowledge Discovery from Data (TKDD)},
  volume={1},
  number={1},
  pages={2},
  year={2007},
  publisher={ACM}
}

@inproceedings{leskovec2005graphs,
  title={Graphs over time: densification laws, shrinking diameters and possible explanations},
  author={Leskovec, Jure and Kleinberg, Jon and Faloutsos, Christos},
  booktitle={Proceedings of the eleventh ACM SIGKDD international conference on Knowledge discovery in data mining},
  pages={177--187},
  year={2005},
  organization={ACM}
}

@article{song2006origins,
  title={Origins of fractality in the growth of complex networks},
  author={Song, Chaoming and Havlin, Shlomo and Makse, Hern{\'a}n A},
  journal={Nature physics},
  volume={2},
  number={4},
  pages={275},
  year={2006},
  publisher={Nature Publishing Group}
}

@article{trivedi2018representation,
  title={Representation learning over dynamic graphs},
  author={Trivedi, Rakshit and Farajtabar, Mehrdad and Biswal, Prasenjeet and Zha, Hongyuan},
  journal={arXiv preprint arXiv:1803.04051},
  year={2018}
}

@article{ma2018dynamic,
  title={Dynamic graph neural networks},
  author={Ma, Yao and Guo, Ziyi and Ren, Zhaochun and Zhao, Eric and Tang, Jiliang and Yin, Dawei},
  journal={arXiv preprint arXiv:1810.10627},
  year={2018}
}

@inproceedings{wu2018multimodal,
  title={Multimodal generative models for scalable weakly-supervised learning},
  author={Wu, Mike and Goodman, Noah},
  booktitle={Advances in Neural Information Processing Systems},
  pages={5575--5585},
  year={2018}
}

@article{maaten2008visualizing,
  title={Visualizing data using t-SNE},
  author={Maaten, Laurens van der and Hinton, Geoffrey},
  journal={Journal of machine learning research},
  volume={9},
  number={Nov},
  pages={2579--2605},
  year={2008}
}

@inproceedings{van2009learning,
  title={Learning a parametric embedding by preserving local structure},
  author={Van Der Maaten, Laurens},
  booktitle={Artificial Intelligence and Statistics},
  pages={384--391},
  year={2009}
}

@article{centola2015social,
  title={The social origins of networks and diffusion},
  author={Centola, Damon},
  journal={American Journal of Sociology},
  volume={120},
  number={5},
  pages={1295--1338},
  year={2015},
  publisher={University of Chicago Press Chicago, IL}
}

@article{panzarasa2009patterns,
  title={Patterns and dynamics of users' behavior and interaction: Network analysis of an online community},
  author={Panzarasa, Pietro and Opsahl, Tore and Carley, Kathleen M},
  journal={Journal of the American Society for Information Science and Technology},
  volume={60},
  number={5},
  pages={911--932},
  year={2009},
  publisher={Wiley Online Library}
}

@article{horton1945erosional,
  title={Erosional development of streams and their drainage basins; hydrophysical approach to quantitative morphology},
  author={Horton, Robert E},
  journal={Geological society of America bulletin},
  volume={56},
  number={3},
  pages={275--370},
  year={1945},
  publisher={Geological Society of America}
}

@article{strahler1952dynamic,
  title={Dynamic basis of geomorphology},
  author={Strahler, Arthur N},
  journal={Geological Society of America Bulletin},
  volume={63},
  number={9},
  pages={923--938},
  year={1952},
  publisher={Geological Society of America}
}

@article{sen2008collective,
  title={Collective classification in network data},
  author={Sen, Prithviraj and Namata, Galileo and Bilgic, Mustafa and Getoor, Lise and Galligher, Brian and Eliassi-Rad, Tina},
  journal={AI magazine},
  volume={29},
  number={3},
  pages={93--93},
  year={2008}
}

@article{brandes2006maximizing,
  title={Maximizing modularity is hard},
  author={Brandes, Ulrik and Delling, Daniel and Gaertler, Marco and G{\"o}rke, Robert and Hoefer, Martin and Nikoloski, Zoran and Wagner, Dorothea},
  journal={arXiv preprint physics/0608255},
  year={2006}
}

@incollection{skyrms2009dynamic,
  title={A dynamic model of social network formation},
  author={Skyrms, Brian and Pemantle, Robin},
  booktitle={Adaptive networks},
  pages={231--251},
  year={2009},
  publisher={Springer}
}

@article{wu2015emergent,
  title={Emergent complex network geometry},
  author={Wu, Zhihao and Menichetti, Giulia and Rahmede, Christoph and Bianconi, Ginestra},
  journal={Scientific reports},
  volume={5},
  pages={10073},
  year={2015},
  publisher={Nature Publishing Group}
}