@article{cohen2003scale,
  title={Scale-free networks are ultrasmall},
  author={Cohen, Reuven and Havlin, Shlomo},
  journal={Physical review letters},
  volume={90},
  number={5},
  pages={058701},
  year={2003},
  publisher={APS}
}

@article{telesford2011ubiquity,
  title={The ubiquity of small-world networks},
  author={Telesford, Qawi K and Joyce, Karen E and Hayasaka, Satoru and Burdette, Jonathan H and Laurienti, Paul J},
  journal={Brain connectivity},
  volume={1},
  number={5},
  pages={367--375},
  year={2011},
  publisher={Mary Ann Liebert, Inc. 140 Huguenot Street, 3rd Floor New Rochelle, NY 10801 USA}
}

@inproceedings{li2017attributed,
  title={Attributed network embedding for learning in a dynamic environment},
  author={Li, Jundong and Dani, Harsh and Hu, Xia and Tang, Jiliang and Chang, Yi and Liu, Huan},
  booktitle={Proceedings of the 2017 ACM on Conference on Information and Knowledge Management},
  pages={387--396},
  year={2017},
  organization={ACM}
}

@inproceedings{perozzi2014deepwalk,
  title={Deepwalk: Online learning of social representations},
  author={Perozzi, Bryan and Al-Rfou, Rami and Skiena, Steven},
  booktitle={Proceedings of the 20th ACM SIGKDD international conference on Knowledge discovery and data mining},
  pages={701--710},
  year={2014},
  organization={ACM}
}

@article{goyal2018graph,
  title={Graph embedding techniques, applications, and performance: A survey},
  author={Goyal, Palash and Ferrara, Emilio},
  journal={Knowledge-Based Systems},
  volume={151},
  pages={78--94},
  year={2018},
  publisher={Elsevier}
}

@inproceedings{mislove2007measurement,
  title={Measurement and analysis of online social networks},
  author={Mislove, Alan and Marcon, Massimiliano and Gummadi, Krishna P and Druschel, Peter and Bhattacharjee, Bobby},
  booktitle={Proceedings of the 7th ACM SIGCOMM conference on Internet measurement},
  pages={29--42},
  year={2007},
  organization={ACM}
}

@article{goyal2018dyngem,
  title={Dyngem: Deep embedding method for dynamic graphs},
  author={Goyal, Palash and Kamra, Nitin and He, Xinran and Liu, Yan},
  journal={arXiv preprint arXiv:1805.11273},
  year={2018}
}

@inproceedings{apt2011diffusion,
  title={Diffusion in social networks with competing products},
  author={Apt, Krzysztof R and Markakis, Evangelos},
  booktitle={International Symposium on Algorithmic Game Theory},
  pages={212--223},
  year={2011},
  organization={Springer}
}

@article{barabasi1999emergence,
  title={Emergence of scaling in random networks},
  author={Barab{\'a}si, Albert-L{\'a}szl{\'o} and Albert, R{\'e}ka},
  journal={science},
  volume={286},
  number={5439},
  pages={509--512},
  year={1999},
  publisher={American Association for the Advancement of Science}
}

@article{bertelle2006organization,
  title={Organization detection using emergent computing},
  author={Bertelle, Cyrille and Dutot, Antoine and Guinand, Fr{\'e}d{\'e}ric and Olivier, Damien},
  journal={International Transactions on Systems Science and Applications},
  volume={2},
  number={1},
  pages={61--69},
  year={2006}
}

@article{zhou2015ant,
  title={An ant colony based algorithm for overlapping community detection in complex networks},
  author={Zhou, Xu and Liu, Yanheng and Zhang, Jindong and Liu, Tuming and Zhang, Di},
  journal={Physica A: Statistical Mechanics and its Applications},
  volume={427},
  pages={289--301},
  year={2015},
  publisher={Elsevier}
}

@article{schelling1971dynamic,
  title={Dynamic models of segregation},
  author={Schelling, Thomas C},
  journal={Journal of mathematical sociology},
  volume={1},
  number={2},
  pages={143--186},
  year={1971},
  publisher={Taylor \& Francis}
}

@article{chen2015net2net,
  title={Net2net: Accelerating learning via knowledge transfer},
  author={Chen, Tianqi and Goodfellow, Ian and Shlens, Jonathon},
  journal={arXiv preprint arXiv:1511.05641},
  year={2015}
}

@inproceedings{xie2016unsupervised,
  title={Unsupervised deep embedding for clustering analysis},
  author={Xie, Junyuan and Girshick, Ross and Farhadi, Ali},
  booktitle={International conference on machine learning},
  pages={478--487},
  year={2016}
}

@article{zhang2019deep,
  title={Deep Constrained Clustering-Algorithms and Advances},
  author={Zhang, Hongjing and Basu, Sugato and Davidson, Ian},
  journal={arXiv preprint arXiv:1901.10061},
  year={2019}
}

@misc{snapnets,
  author       = {Jure Leskovec and Andrej Krevl},
  title        = {{SNAP Datasets}: {Stanford} Large Network Dataset Collection},
  howpublished = {\url{http://snap.stanford.edu/data}},
  month        = jun,
  year         = 2014
}

@inproceedings{Fey/Lenssen/2019,
  title={Fast Graph Representation Learning with {PyTorch Geometric}},
  author={Fey, Matthias and Lenssen, Jan E.},
  booktitle={ICLR Workshop on Representation Learning on Graphs and Manifolds},
  year={2019},
}

@article{wu2019comprehensive,
  title={A comprehensive survey on graph neural networks},
  author={Wu, Zonghan and Pan, Shirui and Chen, Fengwen and Long, Guodong and Zhang, Chengqi and Yu, Philip S},
  journal={arXiv preprint arXiv:1901.00596},
  year={2019}
}

@inproceedings{ying2018graph,
  title={Graph convolutional neural networks for web-scale recommender systems},
  author={Ying, Rex and He, Ruining and Chen, Kaifeng and Eksombatchai, Pong and Hamilton, William L and Leskovec, Jure},
  booktitle={Proceedings of the 24th ACM SIGKDD International Conference on Knowledge Discovery \& Data Mining},
  pages={974--983},
  year={2018},
  organization={ACM}
}